@book{Gregory.2010,
 author = {Gregory, Jason},
 year = {2010},
 title = {Game engine architecture},
 keywords = {Computerspiel;Softwareentwicklung;Thesis: Relevant},
 address = {Natick, MA, USA},
 edition = {[Nachdr.]},
 publisher = {Peters},
 isbn = {978-1-56881-413-1}
}

@book{Gregory.2014,
 abstract = {{\dq}A 2010 CHOICE outstanding academic title, this updated book covers the theory and practice of game engine software development. It explains practical concepts and techniques used by real game studios, such as Electronic Arts and Naughty Dog. Suitable for both beginners and seasoned engineers, the text includes all the required mathematical background. Examples are grounded in specific technologies, but the discussions extend beyond any particular engine or API. This edition adds new material, including a chapter on audio{\dq}--},
 author = {Gregory, Jason and Lemarchand, Richard},
 year = {2014},
 title = {Game engine architecture},
 keywords = {Computer games;Programming;Computer programs;Software architecture;Design;Computerspiel;Softwareentwicklung;Computer architecture},
 address = {Boca Raton, Fla.},
 edition = {2. ed.},
 publisher = {{CRC Press}},
 isbn = {9781466560017}
}

@unpublished{Schey.2014,
 author = {Schey, Linda},
 year = {2014},
 title = {Einbindung einer Physik-Engine in FUSEE},
 address = {Furtwangen im Schwarzwald},
 note = {Bachelor-Thesis, Hochschule Furtwangen University, Fakult{\"a}t Digitale Medien}
}

@book{Bender.2006,
 author = {Bender, Michael and Brill, Manfred},
 year = {2006},
 title = {Computergrafik: Ein anwendungsorientiertes Lehrbuch},
 keywords = {Computergraphik;Lehrbuch;Geometrische Modellierung},
 address = {M{\"u}nchen and Wien},
 edition = {2., {\"u}berarb. Aufl},
 publisher = {Hanser},
 isbn = {3-446-40434-1}
}

@inproceedings{Muller.2014,
 abstract = {EUROGRAPHICS 2014, CGF Vol 33, No 2},
 author = {M{\"u}ller, Christoph and G{\"a}rtner, Fabian},
 title = {Student Project -- Portable Real-Time 3D Engine},
 url = {http://fusee3d.org/wp-content/uploads/2014/04/FUSEE_Educational.pdf},
 keywords = {Computer Graphics Forum;EUROGRAPHICS},
 urldate = {2014-06-27},
 pages = {37--38},
 publisher = {Eurographics Association},
 editor = {{Jean-Jacques Bourdin} and {Joaquim Jorge} and {Eike Anderson}},
 booktitle = {EG 2014 - Education Papers},
 year = {2014},
 address = {Strasbourg, France}
}





